@manual{sample,
  organization = {TU Dortmund, Fakultät Physik},
  title = {Versuch zum Literaturverzeichnis},
  year = 2023
}
  @manual{v302,
  title = {Versuchsanleitung zu Versuch v302 Brückenschaltung},
  year = 2023,
  organization = {Fakultät Physik, TU Dortmund},
  }

  @manual{V101,
  title = {Versuchsanleitung zu Versuch v101 Trägheitsmoment},
  year = 2023,
  organization = {Fakultät Physik, TU Dortmund},
  }

